@online{AnalisisPorEmision2025,
  title = {Análisis por Emisión Óptica (OES) de Materiales | Symtek},
  date = {2025-03-12T17:22:50+00:00},
  url = {https://symtek.com/emision-optica/},
  urldate = {2025-06-01},
  abstract = {Análisis preciso de la composición elemental de materiales mediante OES. Servicios técnicos, asesoría y capacitación para optimizar esta técnica en tus procesos},
  langid = {spanish},
  file = {C:\Users\Marcos\Zotero\storage\X6GNTGEF\emision-optica.html}
}

@thesis{antaritagutierrezSintesisPeliculasDelgadas2017,
  type = {mathesis},
  title = {Síntesis de películas delgadas por la técnica de magnetrón sputtering a partir de blancos de renio y boro},
  author = {Antarita Gutiérrez, Luis Guillermo},
  date = {2017},
  institution = {Universidad EAFIT},
  url = {https://core.ac.uk/download/pdf/128483792.pdf},
  langid = {spanish},
  pagetotal = {92},
  file = {C:\Users\Marcos\Zotero\storage\KVQY2ALA\Gutiérrez and Guillermo - Síntesis de películas delgadas por la técnica de magnetrón sputtering a partir de blancos de renio y.pdf}
}

@book{boydPhysicsPlasmas2003,
  title = {The {{Physics}} of {{Plasmas}}},
  author = {Boyd, T. J. M. and Sanderson, J. J.},
  date = {2003},
  publisher = {Cambridge University Press},
  location = {Cambridge},
  doi = {10.1017/CBO9780511755750},
  url = {https://www.cambridge.org/core/books/physics-of-plasmas/F911699B7ED1B56755B5EBA19AF7149D},
  urldate = {2025-06-01},
  abstract = {The Physics of Plasmas provides a comprehensive introduction to the subject, illustrating the basic theory with examples drawn from fusion, space and astrophysical plasmas. A particular strength of the book is its discussion of the various models used to describe plasma physics and the relationships between them. These include particle orbit theory, fluid equations, ideal and resistive magnetohydrodynamics, wave equations and kinetic theory. The reader will gain a firm grounding in the fundamentals, and develop this into an understanding of some of the more specialised topics. Throughout the text, there is an emphasis on the physical interpretation of plasma phenomena. Exercises are provided throughout. Advanced undergraduate and graduate students of physics, applied mathematics, astronomy and engineering will find a clear but rigorous explanation of the fundamental properties of plasmas with minimal mathematical formality. This book will also appeal to research physicists, nuclear and electrical engineers.},
  isbn = {978-0-521-45912-9},
  file = {C:\Users\Marcos\Zotero\storage\983L49Y4\F911699B7ED1B56755B5EBA19AF7149D.html}
}

@article{conradsPlasmaGenerationPlasma2000,
  title = {Plasma Generation and Plasma Sources},
  author = {Conrads, H and Schmidt, M},
  date = {2000-11-01},
  journaltitle = {Plasma Sources Science and Technology},
  shortjournal = {Plasma Sources Sci. Technol.},
  volume = {9},
  number = {4},
  pages = {441--454},
  issn = {0963-0252, 1361-6595},
  doi = {10.1088/0963-0252/9/4/301},
  url = {https://iopscience.iop.org/article/10.1088/0963-0252/9/4/301},
  urldate = {2025-06-01},
  abstract = {This paper reviews the most commonly used methods for the generation of plasmas with special emphasis on non-thermal, low-temperature plasmas for technological applications. We also discuss various technical realizations of plasma sources for selected applications. This paper is further limited to the discussion of plasma generation methods that employ electric fields. The various plasmas described include dc glow discharges, either operated continuously (CW) or pulsed, capacitively and inductively coupled rf discharges, helicon discharges, and microwave discharges. Various examples of technical realizations of plasmas in closed structures (cavities), in open structures (surfatron, planar plasma source), and in magnetic fields (electron cyclotron resonance sources) are discussed in detail. Finally, we mention dielectric barrier discharges as convenient sources of non-thermal plasmas at high pressures (up to atmospheric pressure) and beam-produced plasmas. It is the main objective of this paper to give an overview of the wide range of diverse plasma generation methods and plasma sources and highlight the broad spectrum of plasma properties which, in turn, lead to a wide range of diverse technological and technical applications.},
  langid = {english},
  file = {C:\Users\Marcos\Zotero\storage\Q9TYY9KF\Conrads and Schmidt - 2000 - Plasma generation and plasma sources.pdf}
}

@thesis{martinalvarezDesarrolloCaracterizacionInstrumentacion2008,
  type = {Doctoral thesis},
  title = {Desarrollo y caracterización de instrumentación basada en descargas luminiscentes con detección por espectrometría óptica y de masas para el análisis de materiales},
  author = {family=MARTIN ALVAREZ, given=ANTONIO, given-i=ANTONIO and {Nerea Bordel García (dir. tes.)} and {María Rosario Pereiro García (dir. tes.)} and {Gustavo García Gómez-Tejedor (pres.)} and {Jorge Pisonero Castro (secr.)} and {Armando Menendez Estrada (voc.)} and {Carlos Aragón Garbizu (voc.)} and {Philippe Belenguer (voc.)}},
  date = {2008-12-11},
  institution = {Universidad de Oviedo},
  url = {https://portalinvestigacion.uniovi.es/documentos/5e4e720f2999524eaa94ccff},
  abstract = {La presente Tesis Doctoral está dirigida al análisis de materiales utilizando la descarga luminiscente como fuente de atomización, excitación e ionización, acoplada a un sistema óptico de detección por espectrometría de emisión óptica (OES) y a un espectrómetro de masas tipo tiempo de vuelo (TOFMS). En ambas configuraciones se prestó especial atención por un lado al desarrollo y/o optimización de la instrumentación necesaria para asegurar una correcta formación de la descarga en cada caso, así como al establecimiento de un método de trabajo reproducible. Particularizando para cada tipo de técnica estudiada, la descarga luminiscente acoplada a OES se utilizó en el estudio de los espectros de emisión derivados de una descarga de radiofrecuencia formada por una mezcla de argón (gas normalmente utilizado para crear el plasma) e hidrógeno. La razón para este estudio se fundamenta en el efecto que pequeñas concentraciones de otros gases inducen en el plasma y, por tanto, en la aplicación analítica de la descarga (principalmente procesos de cuantificación o de análisis de superficies de materiales con recubrimientos). El análisis de los espectros ópticos de emisión ha permitido llevar a cabo estudios comparativos entre diferentes líneas atómicas e iónicas obtenidas a varias concentraciones de hidrógeno, para conseguir establecer una relación entre el efecto observado (incremento o disminución de la intensidad de la línea) y el tipo de línea. El estudio se llevó a cabo con materiales conductores (patrones conductores certificados), una muestra de silicio puro y un vidrio. El segundo tema tratado en la Tesis Doctoral, relacionado en este caso con la descarga luminiscente acoplada a TOFMS, se enfocó hacia el empleo de la descarga pulsada de corriente continua en el régimen de microsegundos (la anchura de pulsos está comprendida entre 10 \#s y 250 \#s) para el análisis elemental de materiales conductores homogéneos así como para el estudio de la resolución en profundidad de materiales con capas delgadas. Este trabajo se caracterizó por un extenso análisis de los diferentes parámetros que controlan la descarga (voltaje de pulso, frecuencia y anchura de pulso y flujo de argón) y su efecto en los espectros de masas obtenidos. Tras la caracterización de la descarga pulsada, se utilizó para el análisis de materiales que presentaban capas delgadas en su composición, demostrando que la descarga pulsada es particularmente conveniente cuando se quieren estudiar capas cuyo espesor es de unos pocos nanómetros. Además de los dos capítulos de contenido mayoritariamente experimental, se dedicó una parte igualmente importante al estudio de los métodos de modelización más frecuentemente empleados dentro del marco de la descarga luminiscente: modelo de fluido y el método de Monte Carlo. Ambos métodos se emplearon para el estudio de los dos tipos de descarga estudiadas en esta Tesis: la descarga de radiofrecuencia fue investigada mediante el método de fluido, estudiándose las propiedades eléctricas de la misma así como las densidades de electrones e iones de argón en una cámara de descarga cuya geometría coincide prácticamente con la utilizada en la sección experimental de OES. Mediante Monte Carlo se analizó la descarga de corriente continua pulsada empleando una geometría de cámara de descarga más sencilla (un cilindro) y se calcularon las densidades electrónicas, las energías medias electrónicas así como las funciones de distribución de energía electrónicas durante un periodo.},
  langid = {spanish}
}

@incollection{mattoxChapter7Physical2010,
  title = {Chapter 7 - {{Physical Sputtering}} and {{Sputter Deposition}} ({{Sputtering}})},
  booktitle = {Handbook of {{Physical Vapor Deposition}} ({{PVD}}) {{Processing}} ({{Second Edition}})},
  author = {Mattox, Donald M.},
  editor = {Mattox, Donald M.},
  date = {2010-01-01},
  pages = {237--286},
  publisher = {William Andrew Publishing},
  location = {Boston},
  doi = {10.1016/B978-0-8155-2037-5.00007-1},
  url = {https://www.sciencedirect.com/science/article/pii/B9780815520375000071},
  urldate = {2025-06-01},
  abstract = {The physical sputtering process involves the physical vaporization of atoms from a surface by momentum transfer from bombarding energetic atomic-sized particles. The energetic particles are usually ions of a gaseous material accelerated in an electric field. Since sputtering is generally done from a solid surface, ideally, if there is no diffusion, each layer of atoms must be removed from the surface before the next layer is subject to sputtering. The flux of sputtered atoms has the same composition as the bulk composition of the sputtering target, although, at any instant, the surface layer of the target will be enriched with the material having the lower sputtering yield. In some cases where the mixture is of materials having significantly different masses or sputtering yields, the sputtered composition may be different from the target composition. The most common form of sputtering is plasma-based sputtering, in which plasma is present and positive ions are accelerated to the target, which is at a negative potential with respect to the plasma. At low pressures, these ions reach the target surface with an energy given by the potential drop between the surface and the point in the electric field at which the ion is formed. At higher pressures, the ions suffer physical collisions and charge exchange collisions, so there is a spectrum of energies of the ions and neutrals bombarding the target surface.},
  isbn = {978-0-8155-2037-5},
  file = {C:\Users\Marcos\Zotero\storage\THAXC4MG\Mattox - 2010 - Chapter 7 - Physical Sputtering and Sputter Deposition (Sputtering).pdf}
}

@online{nist-asd-lines,
  title = {{{NIST}} Atomic Spectra Database: {{Lines}} Form},
  author = {Kramida, Alexander and Ralchenko, Yuri and Reader, Jean and Team, NIST ASD},
  date = {2024},
  location = {Gaithersburg, MD},
  url = {https://physics.nist.gov/asd},
  urldate = {2025-04-03},
  version = {5.12},
  note = {Accessed via Lines Form on May 31, 2025}
}

@online{QueEsAnalisis,
  title = {¿{{Qué}} Es Un Análisis Químico Por Espectrometría de Emisión Óptica Por Chispa?},
  url = {https://www.blog.metalinspec.com.mx/post/analisis-quimico-por-espectrometria},
  urldate = {2025-06-01},
  abstract = {Los espectrómetros con fuentes de arco y de chispa fueron los primeros métodos instrumentales de amplio uso en análisis, empezaron a sustituir en los 20s a los métodos gravimétricos y volumétricos clásicos para el análisis elemental,Los espectros permiten la determinación cuantitativa de elementos metálicos en varios tipos de muestras metales, aleaciones, suelos, minerales y rocas. En las fuentes de arco y chispa, la excitación de la muestra se produce en el pequeño espacio existente entre un par de electrodos, el paso de electricidad entre los electrodos a través de este pequeño espacio proporciona la energía necesaria para atomizar la muestra y producir átomos o iones en estado electrónico excitado. Actualmente, los métodos con fuentes de arco o de chispa se aplican principalmente al análisis elemental de muestras sólidas, ya que las muestras líquidas o gaseosas se manipulan mucho mejor por espectrometría de emisión de plasma.},
  file = {C:\Users\Marcos\Zotero\storage\4PUGRRUD\analisis-quimico-por-espectrometria.html}
}

@thesis{tianModelingPhysicalProcesses2017,
  type = {Doctoral thesis},
  title = {Modeling of {{Physical Processes}} in {{Radio-frequency Plasma Thrusters}}},
  author = {Tian, Bin},
  date = {2017-07-19},
  institution = {Universidad CArlos III de Madrid},
  url = {https://e-archivo.uc3m.es/rest/api/core/bitstreams/f56f3b99-0073-4c3e-a14f-424736933308/content},
  langid = {english},
  file = {C:\Users\Marcos\Zotero\storage\PSFNIWJL\Tian et al. - Modeling of Physical Processes in Radio-frequency Plasma Thrusters.pdf}
}
