
@online{MercurySpectra,
  title = {Mercury Spectra},
  url = {https://www.atomtrace.com/elements-database/element/80#AtomTrace},
  titleaddon = {Element Mercury \textbar AtomTrace},
  author = {AtomTrace},
  year = {2017},
  urldate = {2025-02-22},
}

@article{boysPhotoelectricEffectRevisited1978,
  title = {Photoelectric effect revisited (or an inexpensive device to determine h/e)},
  volume = {46},
  issn = {0002-9505},
  url = {https://doi.org/10.1119/1.11371},
  doi = {10.1119/1.11371},
  abstract = {A novel and inexpensive device for introductory students to measure Planck's constant using the photoelectric effect has been developed. Quasimonochromatic light illuminates the photocathode. An inexpensive voltage follower circuit with high impedance and low capacitance is used to determine the stopping potential, which is read on a standard voltmeter. The results agree to within ±5\% of the currently accepted value. The experimental results are highly reproducible.},
  pages = {133--135},
  number = {2},
  journaltitle = {American Journal of Physics},
  shortjournal = {American Journal of Physics},
  author = {Boys, Donald W. and Cox, Mary E. and Mykolajenko, William},
  urldate = {2025-02-22},
  date = {1978-02-01},
}

@article{caulfieldCesiumAntimonyFilms1966,
  title = {Cesium—Antimony Films in Equilibrium with Cesium Vapor},
  volume = {37},
  issn = {0021-8979},
  url = {https://doi.org/10.1063/1.1708167},
  doi = {10.1063/1.1708167},
  abstract = {Photoemissive yield, thermionic emission, contact potential difference with clean tungsten, and electrical resistance measurements were made on cesium—antimony films in equilibrium with cesium vapor. A search was made for those combinations of cesium—antimony temperatures {TCs}‐Sb and cesium reservoir temperatures {TCs} which mark discontinuous changes in the properties of these films. The loci of those {TCs}‐Sb‐{TCs} points mark the boundaries of distinct Cs‐Sb ``states.'' Three clearly separable states, the familiar photo‐sensitive state and its two neighboring states, were studied in detail. The first state occurred for {TCs}‐Sb only slightly greater than the cesium reservoir temperature {TCs}. The state is characterized by a low maximum photoemissive yield (0.04 electrons/photon), moderate work function (1.65 {eV}), and high resistivity proportional to exp[−0.4 ({eV})/{kTCs}‐Sb]. The material in this state is p‐type Cs3Sb with adsorbed cesium metal. The second state arises after a rapid transition from the first state as {TCS}‐Sb is increased further. This state is characterized by a high maximum photoemissive yield (up to 0.23 electrons/photon), moderate work function (1.60 {eV}), and resistivity proportional to exp[−1.0 ({eV})/{kTCS}‐Sb]. This material is Cs3Sb without appreciable adsorbed cesium. From prior measurements of cesium partial pressure we obtain a cesium—antimony temperature T0 at which the film is Cs3Sb at its cesium deficiency limit. The third state occurs abruptly as {TCs}‐Sb exceeds T0. The state for {TCs}‐Sb \&gt; T0 is a less cesium‐rich phase (probably Cs2Sb). This state is characterized by a low maximum photoemissive yield (0.04 electrons/photon), low work function (1.35 {eV}), and a higher resistance than the previous state.},
  pages = {4927--4935},
  number = {13},
  journaltitle = {Journal of Applied Physics},
  shortjournal = {Journal of Applied Physics},
  author = {Caulfield, H. J. and Chapman, R. A.},
  urldate = {2025-02-22},
  date = {1966-12-01},
}

@manual{EfectoFotoelectrico,
  title = {Efecto fotoeléctrico},
  publisher = {Facultad de Ciencias, UNAM},
  author = {Coordinación del Laboratorio de Física Moderna},
}

@article{martinez-perdigueroCommonMistakeDescription2019,
  title = {On a Common Mistake in the Description of the Photoelectric Effect},
  volume = {57},
  issn = {0031-921X},
  url = {https://doi.org/10.1119/1.5131119},
  doi = {10.1119/1.5131119},
  abstract = {The photoelectric effect is one of the key experiments taught during first- or second-year university and high school modern physics courses. It is usually the first experiment to introduce light quantization and the concept of photons as “packets of energy.” Here, we want to point out a widespread mistake concerning the interpretation of the saturation current at constant light intensity that is found even in some classic hardback literature. Although this is usually overlooked, it can weaken the conclusions a student can draw from the correct understanding of the experiment.},
  pages = {536--537},
  number = {8},
  journaltitle = {The Physics Teacher},
  shortjournal = {The Physics Teacher},
  author = {Martinez-Perdiguero, Josu},
  urldate = {2025-02-22},
  date = {2019-11-01},
}

@article{mastrandreaErrorAmbasVariables,
  title = {Error en ambas variables: Ajuste por regresión de distancia ortogonal ({ODR})},
  url = {https://materias.df.uba.ar/l4a2024c1/files/2024/05/Charla-Labo-4.pdf},
  author = {Mastrandrea, Florencia and Diaz, Luis and Brutti, Dante},
  langid = {spanish},
  file = {PDF:C\:\\Users\\Marcos\\Zotero\\storage\\JMUSLR8R\\Mastrandrea et al. - Error en ambas variables Ajuste por regresión de distancia ortogonal (ODR).pdf:application/pdf},
}

@book{tiplerModernPhysics2012,
  title = {Modern Physics},
  isbn = {978-1-4292-5078-8},
  abstract = {For the intermediate-level course, the Sixth Edition of this widely used text takes modern physics textbooks to a higher level. With a flexible approach to accommodate the various ways of teaching the course (both one- and two-term tracks are easily covered), the authors recognize the audience and its need for updated coverage, mathematical rigor, and features to build and support student understanding. Continued are the superb explanatory style, the up-to-date topical coverage, and the Web enhancements that gained earlier editions worldwide recognition. The Sixth Edition includes the discoveries that have further enlarged modern physics in the first decade of the new century, takes note of the evolution that is occurring in the teaching of physics in colleges and universities, and recognizes the growing role of modern physics in the biological sciences.},
  pagetotal = {700},
  publisher = {W. H. Freeman},
  author = {Tipler, Paul A. and Llewellyn, Ralph},
  date = {2012-01-01},
  langid = {english},
  note = {Google-Books-{ID}: 221tzwEACAAJ},
  keywords = {Science / Physics / General},
}

@book{kraneModernPhysics2019a,
  title = {Modern Physics},
  isbn = {978-1-119-49555-0},
  abstract = {One of the field's most respected introductory texts, Modern Physics provides a deep exploration of fundamental theory and experimentation. Appropriate for second-year undergraduate science and engineering students, this esteemed text presents a comprehensive introduction to the concepts and methods that form the basis of modern physics, including examinations of relativity, quantum physics, statistical physics, nuclear physics, high energy physics, astrophysics, and cosmology. A balanced pedagogical approach examines major concepts first from a historical perspective, then through a modern lens using relevant experimental evidence and discussion of recent developments in the field. The emphasis on the interrelationship of principles and methods provides continuity, creating an accessible "storyline" for students to follow. Extensive pedagogical tools aid in comprehension, encouraging students to think critically and strengthen their ability to apply conceptual knowledge to practical applications. Numerous exercises and worked examples reinforce fundamental principles.},
  pagetotal = {592},
  publisher = {John Wiley \& Sons},
  author = {Krane, Kenneth S.},
  date = {2019-06-18},
  langid = {english},
  keywords = {Science / Physics / General},
}

@manual{InstructionSheetPASCO,
  title = {Instruction Sheet for the {PASCO} Model {OS}-9286A: Mercury Vapor Light Source},
  url = {https://www.famaf.unc.edu.ar/~pury/famaf.gui/modern1/pasco/os9286a.pdf},
  shorttitle = {Mercury Light Source},
  author = {{PASCO} Scientific},
  urldate = {2025-02-22},
}

@article{sakataStudiesCs3SbPhotoCathode1953,
  title = {Studies on. the Cs3Sb Photo-Cathode},
  volume = {8},
  issn = {0031-9015},
  url = {https://journals.jps.jp/doi/10.1143/JPSJ.8.723},
  doi = {10.1143/JPSJ.8.723},
abstract = {Spectral and energy distributions for external photoelectrons ejected from Cs 3 Sb photo-cathodes were determined by the method of interchangeable emitters. Precautions were taken to secure electrically uniform surfaces. The energy distribution had an usual form for h ν=2.14, 2.27, 2.84, 3.06, 3.39 and 3.96 ev. The results indicated that Cs 3 Sb were semiconductors with a small values of δ=0.2∼0.3 ev. Here δ is the energy difference between the Fermi level and the top of the occupied band of energy states. The photoelectric work function (ϕ') was found about 1.8±0.1 ev. The work function obtained from the contact potential techniques were about 1.5∼1.6 ev. On the other hand, the thermionic work function was found about 1.3∼1.5 ev, using Richardson's formula. Typical values of m 1)2) [parameter depending both on the form of occupied band arid on the energy dependence of the photo-electric excitation probability] obtained both from energy and spectral measurements were 1. Thermoelectric measurements showed that all samples were P type.},
pages = {723--730},
number = {6},
journaltitle = {Journal of the Physical Society of Japan},
shortjournal = {J. Phys. Soc. Jpn.},
author = {Sakata, Toshimichi},
urldate = {2025-02-22},
date = {1953-11-15},
note = {Publisher: The Physical Society of Japan},
}

@misc{MultimetroDigitalManual,
title = {Multímetro Digital. Manual de Instrucciones: {MUL}-282},
url = {https://descargas.steren.com.mx/MUL-282-instr.pdf},
shorttitle = {{MUL}-282},
author = {Steren},
}

@online{Keithley610B,
title = {Keithley 610B},
url = {https://w140.com/tekwiki/wiki/Keithley_610B},
author = {Keithley Instruments},
urldate = {2025-02-22},
}

@online{STERENMUL050MANUAL,
title = {Steren {MUL}-050 Manual del usuario},
url = {https://www.manualslib.es/manual/432141/Steren-Mul-050.html},
abstract = {Ver y descargar Steren {MUL}-050 manual del usuario online. {MUL}-050 instrumentos de medición Descargar manual en {PDF}.},
titleaddon = {Steren {MUL}-050 Manual Del Usuario},
author = {Steren},
urldate = {2025-02-22},
langid = {spanish},
}


@book{beiserConceptsModernPhysics2003,
	title = {Concepts of Modern Physics},
	isbn = {978-0-07-115096-5},
	pagetotal = {564},
	publisher = {{McGraw}-Hill},
	author = {Beiser, Arthur},
	date = {2003},
	langid = {english},
	note = {Google-Books-{ID}: {VgApAQAAMAAJ}},
}

@online{Elefectofotoelectrico,
  title = {El efecto fotoelectrico},
  url = {https://www.redalyc.org/articulo.oa?id=10413309},
  titleaddon = {El efecto fotoelectrico{\textbar} {Revista Científica Multidisciplinaria de Prospectiva}},
  author = {Rodriguez Meza, M.A. and Cervantes-Cota, J.L.},
  urldate = {2025-02-22},
}

@article{panelessolaresfotovoltanicos,
  title = {Diseño y evaluación de un panel solar fotovoltaico y térmico para poblaciones dispersas en regiones de gran amplitud térmica},
  volume = {19},
  issn = {0031-9015},
  url = {https://www.scielo.org.mx/scielo.php?pid=S1405-77432018000200209&script=sci_arttext},
  doi = {https://doi.org/10.22201/fi.25940732e.2018.19n2.018 },
abstract = {Se presenta la evaluación de un panel solar diseñado para proveer energía eléctrica y agua caliente en regiones de buena insolación y gran amplitud térmica (clima continental, zonas de altura). El dispositivo propuesto es un panel que actúa a la vez como fotovoltaico y térmico, el que se construye colocando una capa de agua por encima de las celdas solares fotovoltaicas (“matriz fotovoltaica” construida modificando paneles fotovoltaicos comerciales). El agua actúa como refrigerante de las celdas reduciendo las pérdidas en la generación eléctrica producidas por el incremento de la temperatura del panel. Se aprovecha además la complementariedad en cuanto a absorción de energía de las celdas fotovoltaicas y el agua. De este modo es posible proveer electricidad y agua caliente en un dispositivo único, para uso doméstico en regiones de difícil llegada de las redes de provisión de energía, con poblaciones dispersas (no concentradas), ya sea para consumo familiar, puestos de vigilancia, de guardaparques, tanto para instalaciones fijas como portátiles. Se presentan los fundamentos teóricos y los resultados obtenidos con un prototipo de laboratorio instalado en Buenos Aires. Estos resultados se correspondieron con los predichos en los fundamentos teóricos, obteniéndose además de agua caliente, una importante mejora en el rendimiento fotovoltaico. La combinación de ambos efectos conduce a un mejor aprovechamiento del recurso solar.},
pages = {723--730},
number = {6},
journaltitle = { Instituto de Investigaciones Científicas y Técnicas para la Defensa, Departamento de Investigación y Desarrollo en Energías Renovables, Argentina},
shortjournal = {ngeniería, investigación y tecnología},
author = {Cabezas-Maslanczuk, M. D. and Franco-Brazes, J. I. and Fasoli-Tolosa, H. J.},
urldate = {2025-02-22},
date = {2018},
note = {Publisher: Scielo },
}