@misc{_1990_instruction,
  author = {, PASCO scientific},
  publisher = {PASCO scientific},
  title = {Instruction Sheet for the PASCO Model OS-9286A: Mercury Vapor Light Source},
  url = {https://www.famaf.unc.edu.ar/~pury/famaf.gui/modern1/pasco/os9286a.pdf},
  urldate = {2025-02-13},
  year = {1990}
}

@misc{_2021_mercury,
  author = {, AtomTrace},
  publisher = {AtomTrace},
  title = {Mercury Spectra},
  url = {https://www.atomtrace.com/elements-database/element/80#AtomTrace},
  urldate = {2025-02-20},
  year = {2021},
  organization = {https://www.atomtrace.com/elements-database/element/80#AtomTrace}
}

@article{martinezperdiguero_2019_on,
  author = {Martinez-Perdiguero, Josu},
  month = {11},
  pages = {536-537},
  title = {On a Common Mistake in the Description of the Photoelectric Effect},
  doi = {10.1119/1.5131119},
  urldate = {2024-02-13},
  volume = {57},
  year = {2019},
  journal = {The Physics Teacher}
}

@book{paulallentipler_2012_modern,
  author = {Paul Allen Tipler and Llewellyn, Ralph A},
  pages = {131-137},
  publisher = {W.H. Freeman And Co},
  title = {Modern physics},
  year = {2012}
}

@book{krane_2012_modern,
  author = {Krane, Kenneth S},
  pages = {75-79},
  publisher = {Wiley},
  title = {Modern physics},
  year = {2012}
}

@misc{_2024_keithley,
  author = {, TekWiki},
  month = {10},
  title = {Keithley 610B - TekWiki},
  url = {https://w140.com/tekwiki/wiki/Keithley_610B},
  urldate = {2025-02-13},
  year = {2024},
  organization = {TekWiki}
}

@misc{_1980_efecto,
  author = {, Coordinación del Laboratorio de Física Moderna},
  publisher = {Facultad de Ciencias, UNAM},
  title = {Efecto Fotoeléctrico},
  year = {1980}
}

@article{sakata_1953_studies,
  author = {Sakata, Toshimichi},
  month = {11},
  pages = {723-730},
  publisher = {Physical Society of Japan},
  title = {Studies on. the Cs<sub>3</sub>Sb Photo-Cathode},
  doi = {10.1143/jpsj.8.723},
  urldate = {2025-02-18},
  volume = {8},
  year = {1953},
  journal = {Journal of the Physical Society of Japan}
}

@article{caulfield_1966_cesiumantimony,
  author = {Caulfield, H. J. and Chapman, R. A.},
  month = {12},
  pages = {4927-4935},
  title = {Cesium—Antimony Films in Equilibrium with Cesium Vapor},
  doi = {10.1063/1.1708167},
  urldate = {2021-06-28},
  volume = {37},
  year = {1966},
  journal = {Journal of Applied Physics}
}

@article{boys_1978_photoelectric,
  author = {Boys, Donald W. and Cox, Mary E. and Mykolajenko, William},
  month = {02},
  pages = {133-135},
  title = {Photoelectric effect revisited (or an inexpensive device to determine <i>h</i>/<i>e</i>)},
  doi = {10.1119/1.11371},
  urldate = {2025-02-20},
  volume = {46},
  year = {1978},
  journal = {American Journal of Physics}
}

@misc{_2024_multmetro,
  author = {, Steren},
  title = {Multímetro digital auto rango con detector de voltaje MAX 10A FUSED FUSED COM MAX 200mA AmA V 600V CAT III mA A V A A ºC/ºF LINE NCV V OFF SEL RAN HOLD},
  url = {https://descargas.steren.com.mx/MUL-282-instr.pdf},
  urldate = {2024-02-13},
  year = {2024}
}

@article{_2021_steren,
  author = {, Steren},
  month = {10},
  title = {STEREN MUL-050 MANUAL DEL USUARIO},
  url = {https://www.manualslib.es/manual/432141/Steren-Mul-050.html#manual},
  urldate = {2025-02-20},
  year = {2021},
  journal = {}
}

@misc{mastrandrea_2024_error,
  author = {Mastrandrea, Florencia and Diaz, Luis and Brutti, Dante},
  title = {Error en ambas variables: Ajuste por regresión de distancia ortogonal (ODR)},
  url = {https://materias.df.uba.ar/l4a2024c1/files/2024/05/Charla-Labo-4.pdf},
  urldate = {2025-02-19},
  year = {2024}
}

@misc{1198576,
  author = {Paul T Boggs and Janet R Donaldson},
  title = {Orthogonal distance regression:},
  date = {1990-07-01},
  publisher = {National Institute of Standards and Technology},
  doi = {https://doi.org/10.6028/NIST.IR.89-4197},
}
